@misc{3dr-pixhawk,
	title = {{3DR Pixhawk}},
	author = {{3D Robotics}},
	year = {2015},
	howpublished = "\url{http://3drobotics.com/pixhawk/}"
}

@misc{3dr-tower,
	title = {{Tower (DroidPlanner 3)}},
	author = {{3D Robotics}},
	year = {2015},
	howpublished = "\url{https://play.google.com/store/apps/details?id=org.droidplanner.android}"
}

@misc{ardupilot,
	title = {{ArduPilot}},
	author = {{DIY Drones team}},
	year = {2015},
	howpublished = "\url{http://ardupilot.com/}"
}

@misc{Tan,
	author = {{Jeremy Tan}},
	year = {{2015}},
	howpublished = "\url{https://github.com/jtanx/}"
}

@misc{Downing,
	author = {{Brett Downing}},
	year = {{2015}},
	howpublished = "\url{https://github.com/brettrd/}"
}

@misc{Mohanty,
	author = {{Manish Mohanty}},
	year = {{2015}},
	howpublished = "\url{https://github.com/manishmohanty09}"
}
@misc{Allen,
	author = {{Richard Allen}},
	year = {{2015}},
	howpublished = "\url{https://github.com/20739367}"
}

@article{OConnor,
	author = {{R. OConnor}},
	title = {Developing A Multicopter Uav Platform To Carry Out Research Into Autonomous Behaviours, Using On-board Image Processing Techniques},
	year = {{2013}},
	howpublished = "\url{http://robotics.ee.uwa.edu.au/theses/2013-Multirotor-OConnor.pdf}"
	}

@article{Venables,
	author = {{C. Venables}},
	title = {Multirotor Unmanned Aerial Vehicle Autonomous Operation in an Industrial Environment using On-board Image Processing},
	year = {{2013}},
	howpublished = "\url{http://robotics.ee.uwa.edu.au/theses/2013-Multirotor-Venables.pdf}"
	}

@article{Baxter,
	author = {{M. Baxter}},
	title = {Autonomous Hexacopter Software Design},
	year = {{2014}},
	howpublished = "\url{http://robotics.ee.uwa.edu.au/theses/2014-Hexacopter-GPS-Baxter.pdf}"
	}

@article{Mazur,
	author = {{A. Mazur}},
	title = {Autonomous operation and control of a Multirotor Unmanned Aerial Vehicle through 4G LTE using onboard GPS and image processing},
	year = {{2014}},
	howpublished = "\url{http://robotics.ee.uwa.edu.au/theses/2014-Hexacopter-Interface-Mazur.pdf}"
	}

@article{Targhagh,
	author = {{O. Targhagh}},
	title = {Autonomous Navigation of Unmanned Aerial Vehicles},
	year = {{2014}},
	howpublished = "\url{http://robotics.ee.uwa.edu.au/theses/2014-Hexacopter-Navigation-Targhagh.pdf}"
}

@misc{OutbackChallenge,
	title = {UAV Ouback Challenge},
	howpublished = "\url{http://www.uavoutbackchallenge.com.au/}"
}

@misc{canberrauav,
	title = {Open Source Civilian UAV Development},
	author = {Chris Anderson},
	year = {2012},
	howpublished = "\url{http://canberrauav.org.au/}"
}

@misc{canberrauav-2012,
	title = {{CanberraUAV} ({ArduPlane}) wins {Outback Challenge}!},
	author = {Chris Anderson},
	year = {2012},
	howpublished = "\url{http://diydrones.com/profiles/blogs/canberrauav-arduplane-wins-outback-challenge}"
}

@misc{canberrauav-2014,
	title = {Congratulations {Canberra UAV}, stunning {Outback Challenge} win},
	author = {Gary Mortimer},
	year = {2014},
	howpublished = "\url{http://diydrones.com/profiles/blogs/congratulations-canberra-uav-stunning-outback-challenge-win}"
}
@misc{Tridge,
	title = {Quadcopter Workshop},
	author = {Andrew Tridgel},
	address = {Make Hack Void, Canberra},
	organization = {CanberraUAV},
	year = {2013},
	howpublished = {personal discussions following Linux Conf Canberra}
}


@misc{Lily,
	title = {Lily - The Camera That Follows You},
	year = {2015},
	howpublished = "\url{https://www.lily.camera/}"
}

@misc{AirDog,
	title = {Auto-Follow Drone for GoPro Camera},
	year = {2015},
	howpublished = "\url{https://www.airdog.com/}"
}

@misc{RopeAccess,
	title = {UAV Inspection},
	year = {2015},
	howpublished = "\url{http://www.ropeaccess-wa.com/unmanned-aerial-vehicle-inspection/}"
}

@misc{DIYDrones,
	title = {DIY Drones Online Community},
	year = {2007},
	howpublished = "\url{http://diydrones.com/}"
}

@manual{manNAZA,
	title = {DJI NAZA lite user manual},
	howpublished = "\url{http://download.dji-innovations.com/downloads/naza-m%20lite/en/NAZA-M%20LITE_User_Manual_v2.00_en.pdf}"
}

@misc{NAZArev,
 	title = {DJI NAZA GPS communication protocol - NazaDecoder Arduino library},
 	year = {2013},
 	howpublished = "\url{http://www.rcgroups.com/forums/showthread.php?t=1995704}"
 }